%% This BibTeX bibliography file was created using BibDesk.
%% http://bibdesk.sourceforge.net/

%% Created for Heng Zheng at 2018-09-16 19:35:00 +0800 


%% Saved with string encoding Unicode (UTF-8) 



@url{Court2011Judicial,
	Author = {The Supreme People's Court of The People's Republic of China and The Supreme People's Procuratorate of the People's Republic of China and The Ministry of Public Security of the People's Republic of China},
	Date-Added = {2018-09-16 11:13:04 +0000},
	Date-Modified = {2018-09-16 11:32:52 +0000},
	Title = {Guan yu ban li qin fan zhi shi chan quan xing shi an jian shi yong fa lv ruo gan wen ti de yi jian[Judicial interpretation on the application of law in handling criminal cases involving infringement of intellectual property rights]. http://www.court.gov.cn/fabu-xiangqing-2903.html},
	Url = {http://www.court.gov.cn/fabu-xiangqing-2903.html},
	Year = {2011}}
	
@url{SupremeCourt2011Judicial,
	Author = {The Supreme People's Court of The People's Republic of China and The Supreme People's Procuratorate of the People's Republic of China and The Ministry of Public Security of the People's Republic of China},
	Date-Added = {2018-09-16 11:13:04 +0000},
	Date-Modified = {2018-09-16 11:32:52 +0000},
	Title = {Judicial interpretation on the application of law in handling criminal cases involving infringement of intellectual property rights (in Chinese). http://www.court.gov.cn/fabu-xiangqing-2903.html},
	Url = {http://www.court.gov.cn/fabu-xiangqing-2903.html},
	Year = {2011}}

@incollection{bermanHafner1991,
	Address = {New York (New York)},
	Author = {Berman, D. H. and Hafner, C. L.},
	Booktitle = {Proceedings of the Third International Conference on Artificial Intelligence and Law},
	Pages = {12--20},
	Publisher = {ACM Press},
	Title = {Incorporating Procedural Context into a Model of Case-based Legal Reasoning},
	Year = {1991}}

@incollection{bermanHafner1995,
	Address = {New York (New York)},
	Author = {Berman, D. H. and Hafner, C. L.},
	Booktitle = {Proceedings of the Fifth International Conference on Artificial Intelligence and Law},
	Pages = {42--51},
	Publisher = {ACM Press},
	Title = {Understanding Precedents in a Temporal Context of Evolving Legal Doctrine},
	Year = {1995}}

@article{hafnerBerman2002,
	Author = {Hafner, C. L. and Berman, D. H.},
	Journal = {Artificial Intelligence and Law},
	Number = {1--3},
	Pages = {19--64},
	Title = {The Role of Context in Case-Based Legal Reasoning: Teleological, Temporal, and Procedural},
	Volume = {10},
	Year = {2002}}

@article{prakkenSartor1996,
	Author = {Prakken, H. and Sartor, G.},
	Journal = {Artificial Intelligence and Law},
	Pages = {331--368},
	Title = {A Dialectical Model of Assessing Conflicting Arguments in Legal Reasoning},
	Volume = {4},
	Year = {1996}}

@article{prakkenSartor1998,
	Author = {Prakken, H. and Sartor, G.},
	Journal = {Artificial Intelligence and Law},
	Pages = {231--287},
	Title = {Modelling Reasoning with Precedents in a Formal Dialogue Game},
	Volume = {6},
	Year = {1998}}

@incollection{risslandAshley1987,
	Address = {New York (New York)},
	Author = {Rissland, E. L. and Ashley, K. D.},
	Booktitle = {Proceedings of the First International Conference on Artificial Intelligence and Law (ICAIL 1987)},
	Pages = {60--66},
	Publisher = {ACM Press},
	Title = {A Case-Based System for Trade Secrets Law},
	Year = {1987}}

@book{StateCouncil2015series,
	Author = {The Legislative Affairs Office of the State Council (Eds.)},
	Date-Added = {2018-08-14 14:40:09 +0000},
	Date-Modified = {2018-08-14 14:43:39 +0000},
	Publisher = {China Legal Publishing House},
	Title = {Series of Statute of the People's Republic of China in English},
	Year = {2015}}

@article{Betlem1993Civil,
	Author = {Betlem, Gerrit},
	Date-Added = {2018-06-08 12:22:01 +0000},
	Date-Modified = {2018-06-08 12:24:09 +0000},
	Journal = {Graham and Trotman, London},
	Title = {Civil Liability for Transfrontier Pollution},
	Year = {1993}}

@book{Zhang2015ji,
	Author = {张妮，蒲亦非},
	Date-Added = {2018-05-05 13:42:46 +0000},
	Date-Modified = {2018-05-05 13:43:39 +0000},
	Publisher = {四川大学出版社},
	Title = {计算法学导论},
	Year = {2015}}

@book{Xiong2010su,
	Author = {熊明辉},
	Date-Added = {2018-05-05 13:41:04 +0000},
	Date-Modified = {2018-05-05 13:41:48 +0000},
	Publisher = {中国政法大学出版社},
	Title = {诉讼论证：诉讼博弈的逻辑分析},
	Year = {2010}}

@article{Xiong2006xing,
	Author = {熊明辉},
	Date-Added = {2018-05-05 13:38:03 +0000},
	Date-Modified = {2018-05-05 13:39:32 +0000},
	Journal = {山东大学学报（哲学社会科学版）},
	Number = {3},
	Pages = {33-42},
	Title = {刑事法律论证的逻辑基础探析},
	Volume = {2006},
	Year = {2006}}

@article{Zheng2017Ren,
	Author = {郑戈},
	Date-Added = {2017-12-12 12:17:23 +0000},
	Date-Modified = {2017-12-12 12:17:55 +0000},
	Journal = {探索与争鸣},
	Title = {人工智能与法律的未来},
	Volume = {10},
	Year = {2017}}

@article{Cao2017Ren,
	Author = {曹建峰},
	Date-Added = {2017-12-12 12:16:13 +0000},
	Date-Modified = {2017-12-12 12:17:00 +0000},
	Journal = {机器人产业},
	Title = {``人工智能+法律''十大趋势},
	Volume = {5},
	Year = {2017}}

@article{Zhang2014Guo,
	Author = {张妮，杨遂全，蒲亦非},
	Date-Added = {2017-12-12 12:14:45 +0000},
	Date-Modified = {2017-12-12 12:15:39 +0000},
	Journal = {法律方法},
	Number = {2},
	Title = {国外人工智能与法律研究进展述评},
	Volume = {16},
	Year = {2014}}

@article{Zhang2001Ren,
	Author = {张保生},
	Date-Added = {2017-12-12 12:11:07 +0000},
	Date-Modified = {2017-12-12 12:11:47 +0000},
	Journal = {法学评论},
	Pages = {11-21},
	Title = {人工智能法律系统的法理学思考},
	Volume = {5},
	Year = {2001}}

@article{Huang2013An,
	Author = {黄泽敏，张继成},
	Date-Added = {2017-12-12 11:59:44 +0000},
	Date-Modified = {2017-12-12 12:03:09 +0000},
	Journal = {法学研究},
	Pages = {38-59},
	Title = {案例指导制度下的法律推理及其规则},
	Volume = {2},
	Year = {2013}}

@book{Stelmach2015Fa,
	Author = {耶日·施特尔马赫，巴尔托什·布罗泽克},
	Date-Added = {2017-12-12 10:18:29 +0000},
	Date-Modified = {2017-12-12 11:19:07 +0000},
	Publisher = {中国政法大学出版社},
	Title = {法律推理方法},
	Year = {2015}}

@book{Stelmach2006Methods,
	Author = {Stelmach, Jerzy and Brozek, Bartosz},
	Date-Added = {2017-12-12 10:18:08 +0000},
	Date-Modified = {2017-12-12 10:18:08 +0000},
	Publisher = {Springer,},
	Title = {Methods of legal reasoning},
	Year = {2006}}

@book{Prakken2015Jian,
	Author = {亨利·帕肯},
	Date-Added = {2017-12-12 10:07:42 +0000},
	Date-Modified = {2017-12-12 11:17:58 +0000},
	Publisher = {中国政法大学出版社},
	Title = {建模法律论证的逻辑工具},
	Year = {2015}}

@book{Verheij2016Xu,
	Author = {巴特·维赫雅},
	Date-Added = {2017-12-12 10:04:32 +0000},
	Date-Modified = {2017-12-12 11:19:46 +0000},
	Publisher = {中国政法大学出版社},
	Title = {虚拟论证：论法律人及其他论证者的论证助手设计},
	Year = {2016}}

@book{Lodder2016Dui,
	Author = {阿尔诺·洛德},
	Date-Added = {2017-12-12 10:01:59 +0000},
	Date-Modified = {2017-12-12 11:18:44 +0000},
	Publisher = {中国政法大学出版社},
	Title = {对话法律：法律证成和论证的对话模型},
	Year = {2016}}

@article{Liang2013Fa,
	Author = {梁庆寅，魏斌},
	Date-Added = {2017-12-11 10:12:03 +0000},
	Date-Modified = {2017-12-11 10:13:32 +0000},
	Journal = {中山大学学报（社会科学版）},
	Number = {5},
	Pages = {118-128},
	Title = {法律论证适用的人工智能模型},
	Volume = {53},
	Year = {2013}}

@article{Bench-Capon2003Persuasion,
	Author = {Bench-Capon, Trevor J. M},
	Date-Added = {2017-12-07 08:17:05 +0000},
	Date-Modified = {2017-12-07 08:36:43 +0000},
	Journal = {Journal of Logic and Computation},
	Number = {3},
	Pages = {429-448},
	Title = {Persuasion in Practical Argument Using Value-based Argumentation Frameworks},
	Volume = {13},
	Year = {2003}}

@article{Hafner2002The,
	Author = {Hafner, Carole D. and Berman, Donald H.},
	Date-Added = {2017-12-07 08:15:54 +0000},
	Date-Modified = {2018-06-17 09:08:56 +0000},
	Journal = {Artificial Intelligence and Law},
	Number = {1-3},
	Pages = {19-64},
	Title = {The role of context in case-based legal reasoning: teleological, temporal, and procedural},
	Volume = {10},
	Year = {2002}}

@inproceedings{Berman1995Understanding,
	Author = {Berman, Donald H. and Hafner, Carole D.},
	Booktitle = {International Conference on Artificial Intelligence and Law},
	Date-Added = {2017-12-07 08:14:04 +0000},
	Date-Modified = {2017-12-07 08:14:04 +0000},
	Pages = {42-51},
	Title = {Understanding precedents in a temporal context of evolving legal doctrine},
	Year = {1995}}

@inproceedings{Berman1993Representing,
	Author = {Berman, Donald H. and Hafner, Carole D.},
	Booktitle = {International Conference on Artificial Intelligence and Law},
	Date-Added = {2017-12-07 08:12:49 +0000},
	Date-Modified = {2017-12-07 08:12:49 +0000},
	Pages = {50-59},
	Title = {Representing teleological structure in case-based legal reasoning:the missing link},
	Year = {1993}}

@inproceedings{Berman1991Incorporating,
	Author = {Berman, Donald H. and Hafner, Carole D.},
	Booktitle = {International Conference on Artificial Intelligence and Law},
	Date-Added = {2017-12-07 08:10:42 +0000},
	Date-Modified = {2017-12-07 08:10:42 +0000},
	Pages = {12-20},
	Title = {Incorporating procedural context into a model of case-based legal reasoning},
	Year = {1991}}

@inproceedings{Wei2015Modelling,
	Author = {Wei, Bin and Huang, Jin Hua},
	Booktitle = {International Conference on Artificial Intelligence and Law},
	Date-Added = {2017-12-05 13:22:01 +0000},
	Date-Modified = {2017-12-05 13:22:01 +0000},
	Pages = {138-147},
	Title = {Modelling dialogues in court using a gradual argumentation model: a case study},
	Year = {2015}}

@book{Verheij2010Virtual,
	Author = {Verheij, Bart},
	Date-Added = {2017-12-05 13:20:44 +0000},
	Date-Modified = {2017-12-05 13:20:44 +0000},
	Publisher = {Springer, Berlin},
	Title = {Virtual Arguments},
	Year = {2010}}

@inproceedings{Schlobohm1989EPS,
	Author = {Schlobohm, D. A. and Mccarty, L. T.},
	Booktitle = {International Conference on Artificial Intelligence and Law},
	Date-Added = {2017-12-05 09:55:21 +0000},
	Date-Modified = {2017-12-05 09:55:21 +0000},
	Pages = {1-10},
	Title = {EPS II: Estate Planning With Prototypes},
	Year = {1989}}

@inproceedings{Verheij2017Formalizing,
	Author = {Verheij, B.},
	Booktitle = {Proceedings of the Seventeenth International Conference on Artificial Intelligence and Law (ICAIL 2017)},
	Date-Added = {2017-12-05 09:38:55 +0000},
	Date-Modified = {2017-12-05 09:49:05 +0000},
	Title = {Formalizing Arguments, Rules and Cases},
	Year = {2017}}

@inproceedings{Keppens2011On,
	Author = {Keppens, Jeroen},
	Booktitle = {International Conference on Artificial Intelligence and Law},
	Date-Added = {2017-12-05 09:30:04 +0000},
	Date-Modified = {2017-12-05 09:30:04 +0000},
	Pages = {141-150},
	Title = {On extracting arguments from Bayesian network representations of evidential reasoning},
	Year = {2011}}

@article{Bench-Capon2012A,
	Author = {Bench-Capon, Trevor and Araszkiewicz, Micha{\l} and Ashley, Kevin and Atkinson, Katie and Bex, Floris and Borges, Filipe and Bourcier, Daniele and Bourgine, Paul and Conrad, Jack G. and Francesconi, Enrico},
	Date-Added = {2017-12-05 09:29:42 +0000},
	Date-Modified = {2017-12-05 10:20:09 +0000},
	Journal = {Artificial Intelligence and Law},
	Number = {3},
	Pages = {215-319},
	Title = {A history of AI and Law in 50 papers: 25 years of the international conference on AI and Law},
	Volume = {20},
	Year = {2012}}

@article{Bing2010Performance,
	Author = {Bing, Jon},
	Date-Added = {2017-12-05 09:28:46 +0000},
	Date-Modified = {2017-12-05 09:28:46 +0000},
	Journal = {Law.libr.j},
	Number = {2},
	Pages = {187-202},
	Title = {Performance of legal text retrieval systems: The curse of boole},
	Volume = {79},
	Year = {2010}}

@inproceedings{Hafner1987Conceptual,
	Author = {Hafner, C. D.},
	Booktitle = {International Conference on Artificial Intelligence and Law},
	Date-Added = {2017-12-05 09:28:22 +0000},
	Date-Modified = {2017-12-05 09:28:22 +0000},
	Pages = {35-42},
	Title = {Conceptual organization of case law knowledge bases},
	Year = {1987}}

@article{Bench-Capon2003A,
	Author = {Bench-Capon, Trevor J. M and Sartor, Giovanni},
	Date-Added = {2017-12-05 09:27:45 +0000},
	Date-Modified = {2017-12-07 08:37:11 +0000},
	Journal = {Artificial Intelligence},
	Number = {1},
	Pages = {97-143},
	Title = {A model of legal reasoning with cases incorporating theories and values},
	Volume = {150},
	Year = {2003}}

@article{Prakken1996A,
	Author = {Prakken, Henry. and Sartor, G.},
	Date-Added = {2017-12-05 09:27:16 +0000},
	Date-Modified = {2017-12-05 10:21:53 +0000},
	Journal = {Artificial Intelligence and Law},
	Number = {3-4},
	Pages = {331-368},
	Title = {A dialectical model of assessing conflicting arguments in legal reasoning},
	Volume = {4},
	Year = {1996}}

@article{Branting1991Building,
	Author = {Branting, L. K.},
	Date-Added = {2017-12-05 08:58:01 +0000},
	Date-Modified = {2017-12-05 08:58:01 +0000},
	Journal = {International Journal of Man-Machine Studies},
	Number = {6},
	Pages = {797-837},
	Title = {Building explanations from rules and structured cases},
	Volume = {34},
	Year = {1991}}

@article{Dan2009Using,
	Author = {Dan, Cartwright and Atkinson, Katie},
	Date-Added = {2017-12-05 08:57:13 +0000},
	Date-Modified = {2017-12-05 08:57:13 +0000},
	Journal = {IEEE Intelligent Systems},
	Number = {5},
	Pages = {42-52},
	Title = {Using Computational Argumentation to Support E-participation},
	Volume = {24},
	Year = {2009}}

@inproceedings{Suthers1999Representational,
	Author = {Suthers, D},
	Booktitle = {Hawaii International Conference on System Sciences},
	Date-Added = {2017-12-05 08:55:53 +0000},
	Date-Modified = {2017-12-05 08:55:53 +0000},
	Pages = {1076},
	Title = {Representational support for collaborative inquiry},
	Year = {1999}}

@article{Garcia2003Defeasible,
	Author = {Garc{\'\i}a, A. J. and Simari, G. R.},
	Date-Added = {2017-12-05 08:55:21 +0000},
	Date-Modified = {2017-12-05 10:21:12 +0000},
	Journal = {Theory and Practice of Logic Programming},
	Number = {1},
	Pages = {95-138},
	Title = {Defeasible logic programming: an argumentative approach},
	Volume = {4},
	Year = {2003}}

@article{Bondarenko1997An,
	Author = {Bondarenko, A. and Dung, P. M. and Kowalski, R. A. and Toni, F.},
	Date-Added = {2017-12-05 08:54:40 +0000},
	Date-Modified = {2017-12-05 08:54:40 +0000},
	Journal = {Artificial Intelligence},
	Number = {s 1--2},
	Pages = {63-101},
	Title = {An abstract, argumentation-theoretic approach to default reasoning},
	Volume = {93},
	Year = {1997}}

@article{Prakken2010An,
	Author = {Prakken, H.},
	Date-Added = {2017-12-05 08:54:17 +0000},
	Date-Modified = {2017-12-05 10:18:56 +0000},
	Journal = {Argument and Computation},
	Number = {2},
	Pages = {93-124},
	Title = {An abstract framework for argumentation with structured arguments},
	Volume = {1},
	Year = {2010}}

@article{Verheij1996Rules,
	Author = {Verheij, B.},
	Date-Added = {2017-12-05 08:53:33 +0000},
	Date-Modified = {2017-12-05 08:53:33 +0000},
	Title = {Rules, Reasons, Arguments: Formal Studies of Argumentation and Defeat},
	Year = {1996}}

@article{Hage1997Reasoning,
	Author = {Hage, J. C.},
	Date-Added = {2017-12-05 08:53:08 +0000},
	Date-Modified = {2017-12-05 08:53:08 +0000},
	Journal = {Social Science Electronic Publishing},
	Pages = {203-221},
	Title = {Reasoning with Rules: An Essay on Legal Reasoning and its Underlying Logic},
	Year = {1997}}

@inproceedings{Bex2011Legal,
	Author = {Bex, F. and Verheij, B.},
	Booktitle = {International Conference on Artificial Intelligence and Law},
	Date-Added = {2017-12-05 08:52:32 +0000},
	Date-Modified = {2017-12-05 08:52:32 +0000},
	Pages = {11-20},
	Title = {Legal shifts in the process of proof},
	Year = {2011}}

@inproceedings{Bench-Capon1993Neural,
	Author = {Bench-Capon, Trevor J. M},
	Booktitle = {International Conference on Artificial Intelligence and Law},
	Date-Added = {2017-12-05 08:49:46 +0000},
	Date-Modified = {2017-12-07 08:36:23 +0000},
	Pages = {292-297},
	Title = {Neural networks and open texture},
	Year = {1993}}

@inproceedings{Bench-Capon1997Ontologies,
	Author = {Bench-Capon, Trevor J. M. and Visser, Pepijn R. S.},
	Booktitle = {dexa},
	Date-Added = {2017-12-05 08:49:18 +0000},
	Date-Modified = {2017-12-07 08:36:34 +0000},
	Pages = {192},
	Title = {Ontologies in Legal Information Systems},
	Year = {1997}}

@inproceedings{Loui1997Progress,
	Author = {Loui, Ronald P and Norman, Jeff and Altepeter, Joe and Pinkard, Dan and Craven, Dan and Linsday, Jessica and Foltz, Mark},
	Booktitle = {International Conference on Artificial Intelligence and Law},
	Date-Added = {2017-12-05 08:46:53 +0000},
	Date-Modified = {2017-12-05 08:46:53 +0000},
	Pages = {207-214},
	Title = {Progress on Room 5: a testbed for public interactive semi-formal legal argumentation},
	Year = {1997}}

@inproceedings{Gordon1997The,
	Author = {Gordon, Thomas F. and Karacapilidis, Nikos},
	Booktitle = {International Conference on Artificial Intelligence and Law},
	Date-Added = {2017-12-05 08:46:00 +0000},
	Date-Modified = {2017-12-05 08:46:00 +0000},
	Pages = {10-18},
	Title = {The Zeno argumentation framework},
	Year = {1997}}

@book{Eemeren2014Handbook,
	Author = {Eemeren, Frans H. Van and Garssen, Bart and Krabbe, Erik C. W. and Henkemans, A. Francisca Snoeck and Verheij, Bart and Wagemans, Jean H. M.},
	Date-Added = {2017-12-05 08:45:28 +0000},
	Date-Modified = {2017-12-05 08:45:28 +0000},
	Publisher = {Springer Netherlands},
	Title = {Handbook of Argumentation Theory},
	Year = {2014}}

@inproceedings{Bruninghaus2003Predicting,
	Author = {Br{\"u}ninghaus, S. and Ashley, K. D.},
	Booktitle = {International Conference on Artificial Intelligence and Law},
	Date-Added = {2017-12-05 08:44:50 +0000},
	Date-Modified = {2018-05-05 14:58:38 +0000},
	Pages = {233-242},
	Title = {Predicting outcomes of case based legal arguments},
	Year = {2003}}

@article{Rissland1996BankXX,
	Author = {Rissland, E. L. and Skalak, D. B. and Friedman, M. T.},
	Date-Added = {2017-12-05 08:44:06 +0000},
	Date-Modified = {2017-12-05 10:13:31 +0000},
	Journal = {Artificial Intelligence and Law},
	Number = {1},
	Pages = {1-71},
	Title = {{BankXX}: Supporting legal arguments through heuristic retrieval},
	Volume = {4},
	Year = {1996}}

@inproceedings{Vlek2013Modeling,
	Author = {Vlek, Charlotte and Prakken, Henry and Renooij, Silja and Verheij, Bart},
	Booktitle = {Fourteenth International Conference on Artificial Intelligence and Law},
	Date-Added = {2017-12-05 08:42:35 +0000},
	Date-Modified = {2017-12-05 08:42:35 +0000},
	Pages = {150-159},
	Title = {Modeling crime scenarios in a Bayesian network},
	Year = {2013}}

@inproceedings{Boella2013Managing,
	Author = {Boella, Guido and Janssen, Marijn and Hulstijn, Joris and Humphreys, Llio and Torre, Leendert Van Der},
	Booktitle = {Fourteenth International Conference on Artificial Intelligence and Law},
	Date-Added = {2017-12-05 08:41:02 +0000},
	Date-Modified = {2017-12-05 08:41:02 +0000},
	Pages = {23-32},
	Title = {Managing legal interpretation in regulatory compliance},
	Year = {2013}}

@inproceedings{Bench-Capon2013Argument,
	Author = {Bench-Capon, Trevor J. M and Prakken, Henry and Wyner, Adam and Atkinson, Katie},
	Booktitle = {Fourteenth International Conference on Artificial Intelligence and Law},
	Date-Added = {2017-12-05 08:40:04 +0000},
	Date-Modified = {2017-12-07 08:37:29 +0000},
	Pages = {13-22},
	Title = {Argument schemes for reasoning with legal cases using values},
	Year = {2013}}

@inproceedings{Rotolo2013A,
	Author = {Rotolo, Antonino and Villata, Serena and Gandon, Fabien},
	Booktitle = {Fourteenth International Conference on Artificial Intelligence and Law},
	Date-Added = {2017-12-05 08:10:41 +0000},
	Date-Modified = {2017-12-05 08:10:41 +0000},
	Pages = {111-120},
	Title = {A deontic logic semantics for licenses composition in the web of data},
	Year = {2013}}

@inproceedings{Curtotti2015Machine,
	Author = {Curtotti, Michael and Mccreath, Eric and Bruce, Tom and Frug, Sara and Weibel, Wayne and Ceynowa, Nicolas},
	Booktitle = {International Conference on Artificial Intelligence and Law},
	Date-Added = {2017-12-05 08:08:51 +0000},
	Date-Modified = {2017-12-05 08:08:51 +0000},
	Pages = {53-62},
	Title = {Machine learning for readability of legislative sentences},
	Year = {2015}}

@article{Grabmair2015Introducing,
	Author = {Grabmair, Matthias and Ashley, Kevin D and Chen, Ran and Sureshkumar, Preethi and Wang, Chen and Nyberg, Eric and Walker, Vern R},
	Date-Added = {2017-12-05 08:05:58 +0000},
	Date-Modified = {2017-12-05 08:05:58 +0000},
	Number = {6},
	Pages = {69-78},
	Title = {Introducing LUIMA: an experiment in legal conceptual retrieval of vaccine injury decisions using a UIMA type system and tools},
	Volume = {23},
	Year = {2015}}

@inproceedings{Al2015Factors,
	Author = {Al-Abdulkarim, Latifa and Atkinson, Katie and Bench-Capon, Trevor},
	Booktitle = {International Conference on Artificial Intelligence and Law},
	Date-Added = {2017-12-05 08:04:36 +0000},
	Date-Modified = {2017-12-05 08:04:36 +0000},
	Pages = {3-12},
	Title = {Factors, issues and values: revisiting reasoning with cases},
	Year = {2015}}

@inproceedings{Chockler2015Causal,
	Author = {Chockler, Hana and Fenton, Norman and Keppens, Jeroen and Lagnado, David A.},
	Booktitle = {International Conference on Artificial Intelligence and Law},
	Date-Added = {2017-12-05 08:03:55 +0000},
	Date-Modified = {2017-12-05 08:03:55 +0000},
	Pages = {33-42},
	Title = {Causal analysis for attributing responsibility in legal cases},
	Year = {2015}}

@article{Verheij2003Artificial,
	Author = {Verheij, Bart},
	Date-Added = {2017-12-05 08:02:26 +0000},
	Date-Modified = {2017-12-05 08:02:26 +0000},
	Journal = {Artificial Intelligence},
	Number = {1},
	Pages = {291-324},
	Title = {Artificial argument assistants for defeasible argumentation},
	Volume = {150},
	Year = {2003}}

@inproceedings{Mccarty1981The,
	Author = {Mccarty, L. Thorne and Sridharan, N. S.},
	Booktitle = {International Joint Conference on Artificial Intelligence},
	Date-Added = {2017-12-05 07:51:04 +0000},
	Date-Modified = {2017-12-06 07:38:31 +0000},
	Pages = {246-253},
	Title = {The representation of an evolving system of legal concepts: II. phototypes and deformations},
	Year = {1981}}

@article{Prakken1998Modelling,
	Author = {Prakken, Henry and Sartor, Giovanni},
	Date-Added = {2017-12-05 05:23:02 +0000},
	Date-Modified = {2017-12-05 10:22:07 +0000},
	Journal = {Artificial Intelligence and Law},
	Number = {2-4},
	Pages = {231-287},
	Title = {Modelling Reasoning with Precedents in a Formal Dialogue Game},
	Volume = {6},
	Year = {1998}}

@incollection{Verheij2016Correct,
	Address = {Berlin},
	Author = {Verheij, B.},
	Booktitle = {15th European Conference on Logics in Artificial Intelligence, {JELIA} 2016. Larnaca, Cyprus, November 9--11, 2016. Proceedings (LNAI 10021)},
	Editor = {Michael, L. and Kakas, A.},
	Publisher = {Springer},
	Title = {Correct Grounded Reasoning with Presumptive Arguments},
	Year = {2016}}

@article{Verheij2015Arguments,
	Author = {Verheij, Bart and Bex, Floris and Timmer, Sjoerd T and Vlek, Charlotte S and Meyer, John Jules Ch and Renooij, Silja and Prakken, Henry},
	Date-Added = {2017-12-04 08:05:51 +0000},
	Date-Modified = {2017-12-04 08:05:51 +0000},
	Journal = {Law Probability &amp; Risk},
	Number = {1},
	Pages = {mgv013},
	Title = {Arguments, scenarios and probabilities: connections between three normative frameworks for evidential reasoning},
	Volume = {48},
	Year = {2015}}

@article{Verheij2014To,
	Author = {Verheij, Bart},
	Date-Added = {2017-12-04 08:05:28 +0000},
	Date-Modified = {2017-12-04 08:05:28 +0000},
	Journal = {Law Probability &amp; Risk},
	Number = {3-4},
	Pages = {307-325},
	Title = {To catch a thief with and without numbers: arguments, scenarios and probabilities in evidential reasoning},
	Volume = {13},
	Year = {2014}}

@article{Rissland1991CABARET,
	Author = {Rissland, E. L. and Skalak, D. B.},
	Date-Added = {2017-12-04 08:04:16 +0000},
	Date-Modified = {2017-12-04 08:04:16 +0000},
	Journal = {International Journal of Man-Machine Studies},
	Number = {6},
	Pages = {839-887},
	Title = {{CABARET}: rule interpretation in a hybrid architecture},
	Volume = {34},
	Year = {1991}}

@book{Prakken1997Logical,
	Author = {Prakken, Henry},
	Date-Added = {2017-12-04 08:00:59 +0000},
	Date-Modified = {2017-12-04 08:00:59 +0000},
	Pages = {31--32},
	Publisher = {Kluwer Academic Publishers,},
	Title = {Logical tools for modelling legal argument},
	Year = {1997}}

@article{Lodder1999DiaLaw,
	Author = {Lodder, Arno R},
	Date-Added = {2017-12-04 07:59:07 +0000},
	Date-Modified = {2017-12-04 07:59:07 +0000},
	Journal = {Springer Netherlands},
	Title = {DiaLaw : on legal justification and dialogical models of argumentation},
	Year = {1999}}

@article{Zhou2015ru,
	Author = {周兀，熊明辉},
	Date-Added = {2017-12-04 04:42:39 +0000},
	Date-Modified = {2017-12-05 13:17:41 +0000},
	Journal = {哲学动态},
	Pages = {99-104},
	Title = {如何进行法律论证逻辑建模},
	Volume = {4},
	Year = {2015}}

@article{Ashley1991Reasoning,
	Author = {Ashley, K. D.},
	Date-Added = {2017-12-04 04:25:48 +0000},
	Date-Modified = {2017-12-04 04:25:48 +0000},
	Journal = {International Journal of Man-Machine Studies},
	Number = {6},
	Pages = {753-796},
	Title = {Reasoning with cases and hypotheticals in {HYPO}},
	Volume = {34},
	Year = {1991}}

@inproceedings{Aleven1997Evaluating,
	Author = {Aleven, V. and Ashley, K. D.},
	Booktitle = {International Conference on Artificial Intelligence and Law},
	Date-Added = {2017-12-04 04:23:17 +0000},
	Date-Modified = {2017-12-04 04:23:17 +0000},
	Pages = {170-179},
	Title = {Evaluating a learning environment for case-based argumentation skills},
	Year = {1997}}

@article{Mccarty1977Reflections,
	Author = {McCarty, L. Thorne},
	Date-Added = {2017-12-04 04:11:34 +0000},
	Date-Modified = {2018-06-08 08:12:12 +0000},
	Journal = {Harvard Law Review},
	Number = {5},
	Pages = {837-893},
	Title = {Reflections on "Taxman": An Experiment in Artificial Intelligence and Legal Reasoning},
	Volume = {90},
	Year = {1977}}

@article{Sergot1986The,
	Author = {Sergot, M. J. and Sadri, F. and Kowalski, R. A. and others},
	Date-Added = {2017-12-04 04:07:58 +0000},
	Date-Modified = {2017-12-04 04:07:58 +0000},
	Journal = {Communications of the {ACM}},
	Number = {5},
	Pages = {370-386},
	Title = {The {B}ritish Nationality Act as a Logic Program},
	Volume = {29},
	Year = {1986}}

@article{Buchanan1970Some,
	Author = {Buchanan, B. G. and Headrick, T. E.},
	Date-Added = {2017-12-04 02:59:25 +0000},
	Date-Modified = {2017-12-04 03:01:33 +0000},
	Journal = {Stanford Law Review},
	Number = {1},
	Pages = {40-62},
	Title = {Some Speculation about Artificial Intelligence and Legal Reasoning},
	Volume = {23},
	Year = {1970}}

@article{Verheij2016Formalizing,
	Author = {Verheij, B.},
	Date-Added = {2017-11-30 10:32:19 +0000},
	Date-Modified = {2018-05-05 15:01:44 +0000},
	Journal = {Artificial Intelligence and Law},
	Number = {4},
	Pages = {387-407},
	Title = {Formalizing value-guided argumentation for ethical systems design},
	Volume = {24},
	Year = {2016}}

@article{Verheij2017Proof,
	Author = {Verheij, Bart},
	Date-Added = {2017-11-30 10:25:36 +0000},
	Date-Modified = {2017-12-05 10:22:53 +0000},
	Journal = {Artificial Intelligence and Law},
	Pages = {1-28},
	Title = {Proof with and without probabilities},
	Year = {2017}}

@article{Dung1995On,
	Author = {Dung, P. M.},
	Date-Added = {2017-11-30 10:21:44 +0000},
	Date-Modified = {2017-12-04 03:01:53 +0000},
	Journal = {Artificial Intelligence},
	Number = {2},
	Pages = {321-357},
	Title = {On the acceptability of arguments and its fundamental role in nonmonotonic reasoning, logic programming and n-person games},
	Volume = {77},
	Year = {1995}}

@article{Bench-Capon2017HYPO,
	Author = {Bench-Capon, T. J. M},
	Date-Added = {2017-11-30 10:18:33 +0000},
	Date-Modified = {2017-12-07 08:36:52 +0000},
	Journal = {Artificial Intelligence and Law},
	Number = {2},
	Pages = {205-250},
	Title = {HYPO'S legacy: introduction to the virtual special issue},
	Volume = {25},
	Year = {2017}}
